<record><leader>00000cas a2200000 a 4500</leader><controlfield tag="001">23435704</controlfield><controlfield tag="008">910408d193019uuvtuwr ne      0    0eng c</controlfield><datafield ind1=" " ind2=" " tag="010"><subfield code="a">sn 91066427 </subfield></datafield><datafield ind1=" " ind2=" " tag="040"><subfield code="a">NYS</subfield><subfield code="b">eng</subfield><subfield code="c">NYS</subfield><subfield code="d">NVN</subfield><subfield code="d">OCLCQ</subfield><subfield code="d">OCLCF</subfield><subfield code="d">OCLCO</subfield></datafield><datafield ind1="1" ind2=" " tag="029"><subfield code="a">AU@</subfield><subfield code="b">000020666214</subfield></datafield><datafield ind1="0" ind2=" " tag="041"><subfield code="a">engita</subfield></datafield><datafield ind1=" " ind2=" " tag="042"><subfield code="a">pcc</subfield></datafield><datafield ind1=" " ind2=" " tag="043"><subfield code="a">n-us-vt</subfield></datafield><datafield ind1="0" ind2="4" tag="245"><subfield code="a">The Informer of Vt., N.H. and Me. =</subfield><subfield code="b">L'Informatore del Vt., N.H. e Me.</subfield></datafield><datafield ind1="3" ind2=" " tag="246"><subfield code="a">Informer of Vermont, New Hampshire and Maine</subfield></datafield><datafield ind1="3" ind2=" " tag="246"><subfield code="a">Informatore del Vermont, New Hampshire e Maine</subfield></datafield><datafield ind1=" " ind2=" " tag="260"><subfield code="a">White River Junction, Vt. :</subfield><subfield code="b">G. Filosa</subfield></datafield><datafield ind1=" " ind2=" " tag="300"><subfield code="a">v.</subfield></datafield><datafield ind1=" " ind2=" " tag="310"><subfield code="a">Weekly</subfield></datafield><datafield ind1="0" ind2=" " tag="362"><subfield code="a">Vol. 1, no. 1 (Apr. 1, 1930).</subfield></datafield><datafield ind1=" " ind2=" " tag="500"><subfield code="a">"L'Informatore del Vermont, New Hampshire e Maine" appears in a separate masthead on back page, &lt;1945&gt;.</subfield></datafield><datafield ind1=" " ind2=" " tag="546"><subfield code="a">In English and Italian.</subfield></datafield><datafield ind1=" " ind2="0" tag="650"><subfield code="a">Italians</subfield><subfield code="z">Vermont</subfield><subfield code="v">Newspapers.</subfield></datafield><datafield ind1=" " ind2="0" tag="651"><subfield code="a">White River Junction (Vt.)</subfield><subfield code="v">Newspapers.</subfield></datafield><datafield ind1=" " ind2="0" tag="651"><subfield code="a">Vermont</subfield><subfield code="v">Newspapers.</subfield></datafield><datafield ind1=" " ind2="7" tag="655"><subfield code="a">Newspapers.</subfield><subfield code="2">fast</subfield><subfield code="0">(OCoLC)fst01423814</subfield></datafield><datafield ind1=" " ind2="7" tag="650"><subfield code="a">Italians.</subfield><subfield code="2">fast</subfield><subfield code="0">(OCoLC)fst00980750</subfield></datafield><datafield ind1=" " ind2="7" tag="651"><subfield code="a">Vermont.</subfield><subfield code="2">fast</subfield><subfield code="0">(OCoLC)fst01204305</subfield></datafield><datafield ind1=" " ind2="7" tag="651"><subfield code="a">Vermont</subfield><subfield code="z">White River Junction.</subfield><subfield code="2">fast</subfield><subfield code="0">(OCoLC)fst01224077</subfield></datafield><datafield ind1=" " ind2=" " tag="752"><subfield code="a">United States</subfield><subfield code="b">Vermont</subfield><subfield code="c">Windsor</subfield><subfield code="d">White River Junction.</subfield></datafield></record>